@misc{ web:irpf,
       author = "Ministerio de Trabajo, Migraciones y Seguridad Social",
       title = "Bases y tipos de cotizaci√≥n 2019",
       year = "2019",
       url = "http://www.seg-social.es/wps/portal/wss/internet/Trabajadores/CotizacionRecaudacionTrabajadores/36537",
       note = "[Internet; descargado 11-febrero-2019]"
}
