@misc{ wiki:latex,
       author = "Wikipedia",
       title = "LaTeX --- Wikipedia{,} La enciclopedia libre",
       year = "2019",
       url = "https://es.wikipedia.org/w/index.php?title=LaTeX&oldid=113113999",
       note = "[Internet; descargado 13-enero-2019]"
}

@misc{ wiki:vsCode,
       author = "Wikipedia",
       title = "Visual Studio Code --- Wikipedia{,} La enciclopedia libre",
       year = "2019",
       url = "\url{https://es.wikipedia.org/w/index.php?title=Visual_Studio_Code&oldid=113198932}",
       note = "[Internet; descargado 28-enero-2019]"
}

@misc{ wiki:sqlServer,
       author = "Wikipedia",
       title = "Microsoft SQL Server --- Wikipedia{,} La enciclopedia libre",
       year = "2019",
       url = "\url{https://es.wikipedia.org/w/index.php?title=Microsoft_SQL_Server&oldid=113491879}",
       note = "[Internet; descargado 28-enero-2019]"
}

@misc{ web:visualstudio,
       author = "Microsoft",
       title = "IDE de Visual Studio",
       year = "2019",
       url = "https://visualstudio.microsoft.com/es/vs/features/ide/",
       note = "[Internet; descargado 13-enero-2019]"
}

@misc{ web:Git,
       author = "Git",
       title = "Git --distributed-is-the-new-centralized",
       year = "2018",
       url = "https://git-scm.com/",
       note = "[Internet; descargado 12-enero-2019]"
}

@misc{ web:docNet,
       author = "Microsoft",
       title = "Información general acerca de .NET Framework",
       year = "2018",
       url = "https://docs.microsoft.com/es-es/dotnet/framework/get-started/overview",
       note = "[Internet; descargado 30-enero-2019]"
}

@misc{ web:pomodoro,
       author = "Ehorus",
       title = "Técnica pomodoro: Qué es y cómo puede ayudarte en tu día a día",
       year = "2017",
       url = "https://ehorus.com/es/tecnica-pomodoro/",
       n
       note = "[Internet; descargado 11-enero-2019]"
}

@misc{ web:patronDis,
       author = "Microsoft",
       title = "¿Qué es un patrón de diseño?",
       year = "2018",
       url = "https://msdn.microsoft.com/es-es/library/bb972240.aspx",
       note = "[Internet; descargado 11-enero-2019]"
}

@misc{ web:ibmCom,
       author = "IBM",
       title = "Comunicación serie",
       year = "2019",
       url = "https://www.ibm.com/support/knowledgecenter/es/ssw_aix_72/com.ibm.aix.networkcomm/asynch_serialcomm.htm",
       note = "[Internet; descargado 31-enero-2019]"
}

@misc{ web:scrum,
       author = "Proyectos Ágiles",
       title = "¿Qué es Scrum?",
       year = "2018",
       url = "https://proyectosagiles.org/que-es-scrum/",
       note = "[Internet; descargado 11-enero-2019]"
}

@MastersThesis{tfgMaria,
author = {María Isabel Revilla Izquierdo},
title = {“IMPLEMENTACIÓN DE REGULADORES PIDs INDUSTRIALES Y REGULADORES AVANZADOS EN MICROCONTROLADORES”},
school = {UNIVERSIDAD DE BURGOS},
year = {2018},
OPTkey = {•},
OPTtype = {•},
OPTaddress = {•},
OPTmonth = {•},
OPTnote = {•},
OPTannote = {•}
}


@InBook{frdmk64f_manual,
ALTauthor = {Freescale},
ALTeditor = {Freescale},
title = {FRDMK64FUG, FRDM-K64F Freedom Module User’s Guide, Rev. 0.1, 04/2014},
chapter = {2 FRDM-K64F hardware overview},
publisher = {•},
year = {2014},
OPTkey = {•},
OPTvolume = {•},
OPTnumber = {•},
OPTseries = {•},
OPTtype = {•},
OPTaddress = {•},
OPTedition = {•},
OPTmonth = {•},
OPTpages = {•},
OPTnote = {•},
OPTannote = {•}
}